@article{Adam2015,
	title        = {{Long-Term Changes in Habitat Selection of Wintering Waterbirds: High Importance of Cold Weather Refuge Sites}},
	author       = {Adam, Matyáš and Musilová, Zuzana and Musil, Petr and Zouhar, Jan and Romportl, Dušan},
	year         = 2015,
	journal      = {Acta Ornithologica},
	volume       = 50,
	number       = 2,
	pages        = {127--138},
	doi          = {10.3161/00016454AO2015.50.2.001}
}
@article{Almaraz2011,
	title        = {{Size-mediated non-trophic interactions and stochastic predation drive assembly and dynamics in a seabird community}},
	author       = {Almaraz, Pablo and Oro, Daniel},
	year         = 2011,
	journal      = {Ecology},
	volume       = 92,
	number       = 10,
	pages        = {1948--1958},
	doi          = {10.1890/11-0181.1},
}
@article{Almaraz2012,
	title        = {{Estimating partial observability and nonlinear climate effects on stochastic community dynamics of migratory waterfowl}},
	author       = {Almaraz, Pablo and Green, Andy J. and Aguilera, Eduardo and Rend{ó}n, Miguel A. and Bustamante, Javier},
	year         = 2012-09,
	journal      = {Journal of Animal Ecology},
	volume       = 81,
	number       = 5,
	pages        = {1113--1125},
	doi          = {10.1111/j.1365-2656.2012.01972.x},
}
@article{Almaraz2023b,
	title        = {{Structural stability of invasion graphs for generalized Lotka-Volterra systems}},
	author       = {Almaraz, Pablo and Langa, José A. and Kalita, Piotr and Soler-Toscano, Fernando},
	year         = 2023,
	journal      = {arXiv},
	volume       = {2209.09802},
	pages        = {1--28},
	doi          = {http://arxiv.org/abs/2209.09802}
}
@book{Arnold1994,
	title        = {{Dynamical Systems V. Bifurcation Theory and Catastrophe Theory}},
	author       = {Arnold, V. I.},
	year         = 1994,
	location     = {Berlin},
	publisher    = {Springer-Verlag}
}
@article{Arnoldi2016a,
	title        = {{Resilience, reactivity and variability: A mathematical comparison of ecological stability measures}},
	author       = {Arnoldi, Jean-François and Loreau, M. and Haegeman, B.},
	year         = 2016,
	journal      = {Journal of Theoretical Biology},
	volume       = 389,
	pages        = {47--59},
	doi          = {10.1016/j.jtbi.2015.10.012}
}
@article{Barabas2016,
	title        = {{The Effect of Intra- and Interspecific Competition on Coexistence in Multispecies Communities}},
	author       = {Barabás, György and {J. Michalska-Smith}, Matthew and Allesina, Stefano},
	year         = 2016,
	journal      = {The American Naturalist},
	volume       = 188,
	number       = 1,
	pages        = {E1--E12},
	doi          = {10.1086/686901}
}
@article{Barnosky2012,
	title        = {{Approaching a state shift in Earth's biosphere}},
	author       = {Barnosky, Anthony D and Hadly, Elizabeth A and Bascompte, Jordi and Berlow, Eric L. and Brown, James H. and Fortelius, Mikael and Getz, Wayne M and Harte, John and Hastings, Alan and Marquet, Pablo A and others},
	year         = 2012,
	journal      = {Nature},
	publisher    = {Nature Publishing Group},
	volume       = 486,
	number       = 7401,
	pages        = {52--58},
	doi          = {10.1038/nature11018}
}
@article{Berlow1999,
	title        = {{Strong effects of weak interactions in ecological communities}},
	author       = {Berlow, Eric L.},
	year         = 1999,
	journal      = {Nature},
	volume       = 398,
	number       = 6725,
	pages        = {330--334},
	doi          = {10.1038/18672}
}
@article{Bjornstad2001,
	title        = {{Noisy Clockwork: Time Series Analysis of Population Fluctuations in Animals}},
	author       = {Bjornstad, Ottar N.},
	year         = 2001,
	journal      = {Science},
	volume       = 293,
	number       = 5530,
	pages        = {638--643},
	doi          = {10.1126/science.1062226}
}
@article{Booth2012,
	title        = {{Aerosols implicated as a prime driver of twentieth-century North Atlantic climate variability}},
	author       = {Booth, Ben B B and Dunstone, Nick J. and Halloran, Paul R. and Andrews, Timothy and Bellouin, Nicolas},
	year         = 2012,
	journal      = {Nature},
	publisher    = {Nature Publishing Group},
	volume       = 484,
	number       = 7393,
	pages        = {228--232},
	doi          = {10.1038/nature10946}
}
@article{Cabon2022,
	title        = {{Large volcanic eruptions elucidate physiological controls of tree growth and photosynthesis}},
	author       = {Cabon, Antoine and Anderegg, William R L},
	year         = 2022,
	journal      = {Ecology Letters},
	number       = {June},
	pages        = {1--11},
	doi          = {10.1111/ele.14149}
}
@article{Camacho2022,
	title        = {{Groundwater extraction poses extreme threat to Do{ñ}ana World Heritage Site}},
	author       = {Camacho, Carlos and Negro, Juan J. and Elmberg, Johan and Fox, Anthony D. and Nagy, Szabolcs and Pain, Deborah J. and Green, Andy J.},
	year         = 2022,
	journal      = {Nature Ecology {\&} Evolution},
	pages        = {2--3},
	doi          = {10.1038/s41559-022-01763-6}
}
@article{Capon2015,
	title        = {{Regime shifts, thresholds and multiple stable states in freshwater ecosystems; a critical appraisal of the evidence}},
	author       = {Capon, Samantha J. and Lynch, A. Jasmyn J. and Bond, Nick and Chessman, Bruce C. and Davis, Jenny and Davidson, Nick and Finlayson, Max and Gell, Peter A. and Hohnberg, David and Humphrey, Chris and Kingsford, Richard T. and Nielsen, Daryl and Thomson, James R. and Ward, Keith and Nally, Ralph Mac},
	year         = 2015,
	journal      = {Science of the Total Environment},
	publisher    = {Elsevier B.V.},
	volume       = 534,
	pages        = {122--130},
	doi          = {10.1016/j.scitotenv.2015.02.045}
}
@article{Carpenter2017,
	title        = {{Stan : A Probabilistic Programming Language}},
	author       = {Carpenter, Bob and Gelman, Andrew and Hoffman, Matthew D. and Lee, Daniel and Goodrich, Ben and Betancourt, Michael and Brubaker, Marcus and Guo, Jiqiang and Li, Peter and Riddell, Allen},
	year         = 2017,
	journal      = {Journal of Statistical Software},
	volume       = 76,
	number       = 1,
	doi          = {10.18637/jss.v076.i01}
}
@book{Casti1979,
	title        = {{Connectivity, Complexity, and Catastrophe in Large-Scale Systems}},
	author       = {Casti, J.},
	year         = 1979,
	location     = {New York, NY},
	publisher    = {John Wiley {\&} Sons, Inc.}
}
@article{Casti1982,
	title        = {{Catastrophes, control and the inevitability of spruce budworm outbreaks}},
	author       = {Casti, J.},
	year         = 1982,
	journal      = {Ecological Modelling},
	volume       = 14,
	number       = {3-4},
	pages        = {293--300},
	doi          = {10.1016/0304-3800(82)90024-2}
}
@article{Cazelles2008,
	title        = {{Wavelet analysis of ecological time series}},
	author       = {Cazelles, Bernard and Chavez, Mario and Berteaux, Dominique and M{é}nard, Frédéric and Vik, Jon Olav and Jenouvrier, Stéphanie and Stenseth, Nils C.},
	year         = 2008,
	journal      = {Oecologia},
	volume       = 156,
	number       = 2,
	pages        = {287--304},
	doi          = {10.1007/s00442-008-0993-2}
}
@article{Chen2020a,
	title        = {{Biocrust as one of multiple stable states in global drylands}},
	author       = {Chen, Ning and Yu, Kailiang and Jia, Rongliang and Teng, Jialing and Zhao, Changming},
	year         = 2020,
	journal      = {Science Advances},
	volume       = 6,
	number       = 39,
	pages        = {eaay3763},
	doi          = {10.1126/sciadv.aay3763}
}
@article{Chen2022a,
	title        = {{Catastrophic event sequences across the Permian-Triassic boundary in the ocean and on land}},
	author       = {Chen, Zhong-Qiang and Harper, David A.T. and Grasby, Stephen and Zhang, Lei},
	year         = 2022,
	journal      = {Global and Planetary Change},
	publisher    = {Elsevier B.V.},
	volume       = 215,
	pages        = 103890,
	doi          = {10.1016/j.gloplacha.2022.103890}
}
@article{Christensen2014,
	title        = {{Changes in age and sex ratios amongst samples of hunter-shot wings from common duck species in Denmark 1982–2010}},
	author       = {Christensen, Thomas K. and Fox, Anthony D.},
	year         = 2014,
	journal      = {European Journal of Wildlife Research},
	volume       = 60,
	number       = 2,
	pages        = {303--312},
	doi          = {10.1007/s10344-013-0787-7}
}
@article{Church2005,
	title        = {{Significant decadal-scale impact of volcanic eruptions on sea level and ocean heat content}},
	author       = {Church, John A. and White, Neil J. and Arblaster, Julie M.},
	year         = 2005,
	journal      = {Nature},
	volume       = 438,
	number       = 7064,
	pages        = {74--77},
	doi          = {10.1038/nature04237}
}
@article{Clausen2016,
	title        = {{Philopatry in a changing world: response of pink-footed geese Anser brachyrhynchus to the loss of a key autumn staging area due to restoration of Fils{ø} Lake, Denmark}},
	author       = {Clausen, Kevin K. and Madsen, Jesper},
	year         = 2016,
	journal      = {Journal of Ornithology},
	publisher    = {Springer Berlin Heidelberg},
	volume       = 157,
	number       = 1,
	pages        = {229--237},
	doi          = {10.1007/s10336-015-1271-9}
}
@article{Clausen2018a,
	title        = {{Highly dynamic wintering strategies in migratory geese: Coping with environmental change}},
	author       = {Clausen, Kevin K. and Madsen, Jesper and Cottaar, Fred and Kuijken, Eckhart and Verscheure, Christine},
	year         = 2018,
	journal      = {Global Change Biology},
	volume       = 24,
	number       = 7,
	pages        = {3214--3225},
	doi          = {10.1111/gcb.14061}
}
@article{Clausen2023,
	title        = {{Status, origin and harvest of increasing numbers of Greylag Geese Anser anser occurring in Denmark throughout the annual cycle}},
	author       = {Clausen, Kevin K. and Heldbjerg, Henning and Fox, Anthony D.},
	year         = 2023,
	journal      = {Wildfowl},
	volume       = 73,
	pages        = {3--25},
}
@article{Clements2018a,
	title        = {{Indicators of transitions in biological systems}},
	author       = {Clements, Christopher F. and Ozgul, Arpat},
	year         = 2018,
	journal      = {Ecology Letters},
	volume       = 21,
	number       = 6,
	pages        = {905--919},
	doi          = {10.1111/ele.12948},
	editor       = {Metcalf, Jessica}
}
@article{Cobb1980,
	title        = {{Statistical catastrophe theory: An overview}},
	author       = {Cobb, Loren and Watson, Bill},
	year         = 1980,
	journal      = {Mathematical Modelling},
	volume       = 1,
	number       = 4,
	pages        = {311--317},
	doi          = {10.1016/0270-0255(80)90041-X}
}
@article{Cobb1985,
	title        = {{Applications of Catastrophe Theory for Statistical Modeling in the Biosciences}},
	author       = {Cobb, Loren and Zacks, Shelemyahu},
	year         = 1985,
	journal      = {Journal of the American Statistical Association},
	volume       = 80,
	number       = 392,
	pages        = {793--802},
	doi          = {10.1080/01621459.1985.10478184}
}
@article{Constantinescu2021,
	title        = {{The radius of the umbrella cloud helps characterize large explosive volcanic eruptions}},
	author       = {Constantinescu, Robert and Hopulele-Gligor, Aurelian and Connor, Charles B. and Bonadonna, Costanza and Connor, Laura J. and Lindsay, Jan M. and Charbonnier, Sylvain and Volentik, Alain C. M.},
	year         = 2021,
	journal      = {Communications Earth {\&} Environment},
	publisher    = {Springer US},
	volume       = 2,
	number       = 1,
	pages        = 3,
	doi          = {10.1038/s43247-020-00078-3}
}
@article{Coulson2016,
	title        = {{A Review of Philopatry in Seabirds and Comparisons with Other Waterbird Species}},
	author       = {Coulson, John C.},
	year         = 2016,
	journal      = {Waterbirds},
	volume       = 39,
	number       = 3,
	pages        = {229--240},
	doi          = {10.1675/063.039.0302}
}
@inbook{Crisafulli2015,
	title        = {{Volcano Ecology}},
	author       = {Crisafulli, Charles M. and Swanson, Frederick J. and Halvorson, Jonathan J. and Clarkson, Bruce D.},
	year         = 2015,
	booktitle    = {The Encyclopedia of Volcanoes},
	publisher    = {Elsevier},
	pages        = {1265--1284},
	doi          = {10.1016/B978-0-12-385938-9.00073-0},
	edition      = {Second Edi}
}
@article{Crosweller2012,
	title        = {{Global database on large magnitude explosive volcanic eruptions (LaMEVE)}},
	author       = {Crosweller, Helen Sian and Arora, Baneet and Brown, Sarah Krystyna and Cottrell, Elizabeth and Deligne, Natalia Irma and Guerrero, Natalie Ortiz and Hobbs, Laura and Kiyosugi, Koji and Loughlin, Susan Clare and Lowndes, Jonathan and Nayembil, Martin and Siebert, Lee and Sparks, Robert Stephen John and Takarada, Shinji and Venzke, Edward},
	year         = 2012,
	journal      = {Journal of Applied Volcanology},
	volume       = 1,
	number       = 1,
	pages        = 4,
	doi          = {10.1186/2191-5040-1-4}
}
@article{Dakos2019,
	title        = {{Ecosystem tipping points in an evolving world}},
	author       = {Dakos, Vasilis and Matthews, Blake and Hendry, Andrew P and Levine, Jonathan and Loeuille, Nicolas and Norberg, Jon and Nosil, Patrik and Scheffer, Marten and De Meester, Luc},
	year         = 2019,
	journal      = {Nature Ecology {\&} Evolution},
	volume       = 3,
	number       = 3,
	pages        = {355--362},
	doi          = {10.1038/s41559-019-0797-2},
}
@article{Davis2014,
	title        = {{Habitat and resource use by waterfowl in the northern hemisphere in autumn and winter}},
	author       = {Davis, J. Brian and Guillemain, Matthieu and Kaminski, Richard M. and Arzel, Celine and Eadie, John M. and Rees, Eileen C.},
	year         = 2014,
	journal      = {Wildfowl},
	number       = 4,
	pages        = {17--69}
}
@article{DeArrudaAlmeida2019,
	title        = {{A functional perspective for breeding and wintering waterbird communities: temporal trends in species and trait diversity}},
	author       = {{de Arruda Almeida}, Bia and Sebastián-González, Esther and dos Anjos, Luiz and Green, Andy J. and Botella, Francisco},
	year         = 2019,
	journal      = {Oikos},
	number       = {February},
	pages        = {1103--1115},
	doi          = {10.1111/oik.05903}
}
@article{DeFelipe2023a,
	title        = {{Thirty-four years of Landsat monitoring reveal long-term effects of groundwater abstractions on a World Heritage Site wetland}},
	author       = {de Felipe, Miguel and Aragonés, David and Díaz-Paniagua, Carmen},
	year         = 2023,
	journal      = {Science of The Total Environment},
	volume       = 880,
	number       = {April},
	pages        = 163329,
	doi          = {10.1016/j.scitotenv.2023.163329}
}
@article{Denwood2016,
	title        = {{runjags : An R Package Providing Interface Utilities, Model Templates, Parallel Computing Methods and Additional Distributions for MCMC Models in JAGS}},
	author       = {Denwood, Matthew J.},
	year         = 2016,
	journal      = {Journal of Statistical Software},
	volume       = 71,
	number       = 9,
	doi          = {10.18637/jss.v071.i09}
}
@article{Douglass2005,
	title        = {{Climate forcing by the volcanic eruption of Mount Pinatubo}},
	author       = {Douglass, David H. and Knox, Robert S.},
	year         = 2005,
	journal      = {Geophysical Research Letters},
	volume       = 32,
	number       = 5,
	pages        = {1--5},
	doi          = {10.1029/2004GL022119}
}
@article{Downing2020,
	title        = {{Temporal stability vs. community matrix measures of stability and the role of weak interactions}},
	author       = {Downing, Amy L. and Jackson, Craig and Plunkett, Claire and {Ackerman Lockhart}, Jayne and Schlater, Shannon M. and Leibold, Mathew A.},
	year         = 2020,
	journal      = {Ecology Letters},
	volume       = 23,
	number       = 10,
	pages        = {1468--1478},
	doi          = {10.1111/ele.13538}
}
@article{Durant2004,
	title        = {{Regime shifts in the breeding of an Atlantic puffin population}},
	author       = {Durant, Joël M. and Anker-Nilssen, Tycho and Hjermann, Dag O. and Stenseth, Nils Chr},
	year         = 2004,
	journal      = {Ecology Letters},
	volume       = 7,
	number       = 5,
	pages        = {388--394},
	doi          = {10.1111/j.1461-0248.2004.00588.x}
}
@article{Eilers1996,
	title        = {{Flexible smoothing with B-splines and penalties}},
	author       = {Eilers, Paul H. C. and Marx, Brian D.},
	year         = 1996,
	journal      = {Statistical Science},
	volume       = 11,
	number       = 2,
	pages        = {89--102},
	doi          = {10.1214/ss/1038425655}
}
@book{Elaydi2005,
	title        = {{An Introduction to Difference Equations}},
	author       = {Elaydi, Saber N.},
	year         = 2005,
	location     = {Berlin, Heidelberg},
	publisher    = {Springer}
}
@article{Fernandez-Marin2016,
	title        = {{ggmcmc : Analysis of MCMC Samples and Bayesian Inference}},
	author       = {Fernández-Marín, Xavier},
	year         = 2016,
	journal      = {Journal of Statistical Software},
	volume       = 70,
	number       = 9,
	doi          = {10.18637/jss.v070.i09}
}
@article{Folke2004b,
	title        = {{Regime Shifts, Resilience, and Biodiversity in Ecosystem Management}},
	author       = {Folke, Carl and Carpenter, Steve and Walker, Brian and Scheffer, Marten and Elmqvist, Thomas and Gunderson, Lance and Holling, C.S.},
	year         = 2004,
	journal      = {Annual Review of Ecology, Evolution, and Systematics},
	volume       = 35,
	number       = 1,
	pages        = {557--581},
	doi          = {10.1146/annurev.ecolsys.35.021103.105711}
}
@article{Fox2023,
	title        = {Danish Greylag Goose Anser anser use of the Coto Doñana sand dunes for gritting},
	author       = {Fox, {Anthony David} and Heldbjerg, Henning and Clausen, {Kevin Kuhlmann} and Therkildsen, {Ole Roland} and Zhao, Qingshan and Negro, {Juan J.} and Green, {Andy J.}},
	year         = 2023,
	journal      = {Wildfowl},
	volume       = 73,
	pages        = {26--42}
}
@article{Francis2021,
	title        = {{Management implications of long transients in ecological systems}},
	author       = {Francis, Tessa B. and Abbott, Karen C. and Cuddington, Kim and Gellner, Gabriel and Hastings, Alan and Lai, Ying Cheng and Morozov, Andrew and Petrovskii, Sergei and Zeeman, Mary Lou},
	year         = 2021,
	journal      = {Nature Ecology and Evolution},
	volume       = 5,
	number       = 3,
	pages        = {285--294},
	doi          = {10.1038/s41559-020-01365-0},
	fou          = {10.1038/s41559-020-01365-0}
}
@book{Fraser2008,
	title        = {{Hidden Markov Models and Dynamical Systems}},
	author       = {Fraser, Andrew M.},
	year         = 2008,
	publisher    = {Society for Industrial and Applied Mathematics},
	pages        = 145,
	doi          = {10.1137/1.9780898717747}
}
@article{Fukami2011,
	title        = {{Community assembly: alternative stable states or alternative transient states?}},
	author       = {Fukami, Tadashi and Nakajima, Mifuyu},
	year         = 2011,
	journal      = {Ecology Letters},
	volume       = 14,
	number       = 10,
	pages        = {973--984},
	doi          = {10.1111/j.1461-0248.2011.01663.x}
}
@article{Ganter2000,
	title        = {{A tropical volcano, high predation pressure, and the breeding biology of Arctic waterbirds: A circumpolar review of breeding failure in the summer of 1992}},
	author       = {Ganter, B. and Boyd, H.},
	year         = 2000,
	journal      = {Arctic},
	volume       = 53,
	number       = 3,
	pages        = {289--305},
	doi          = {10.14430/arctic859}
}
@article{Gaston2003a,
	title        = {{Trends in Forage Fish Populations in Northern Hudson Bay since 1981, as Determined from the Diet of Nestling Thick-billed Murres, <i>Uria lomvia</i>}},
	author       = {Gaston, Anthony J and Woo, Kerry and Hipfner, J Mark},
	year         = 2003,
	journal      = {ARCTIC},
	volume       = 56,
	number       = 3,
	pages        = {227--233},
	doi          = {10.14430/arctic618}
}
@article{Gellner2023,
	title        = {{Stable diverse food webs become more common when interactions are more biologically constrained}},
	author       = {Gellner, Gabriel and McCann, Kevin and Hastings, Alan},
	year         = 2023,
	journal      = {Proceedings of the National Academy of Sciences},
	volume       = 120,
	number       = 31,
	pages        = 2017,
	doi          = {10.1073/pnas.2212061120}
}
@article{Genin1995,
	title        = {{Vertical mixing and coral death in the red sea following the eruption of Mount Pinatubo}},
	author       = {Genin, Amatzia and Lazar, Boaz and Brenner, Stephen},
	year         = 1995,
	journal      = {Nature},
	volume       = 377,
	number       = 6549,
	pages        = {507--510},
	doi          = {10.1038/377507a0}
}
@article{George1993,
	title        = {{Variable Selection via Gibbs Sampling}},
	author       = {George, Edward I. and McCulloch, Robert E.},
	year         = 1993,
	journal      = {Journal of the American Statistical Association},
	volume       = 88,
	number       = 423,
	pages        = {881--889},
	doi          = {10.1080/01621459.1993.10476353}
}
@article{Grasman2009,
	title        = {{Fitting the Cusp Catastrophe in R : A cusp Package Primer}},
	author       = {Grasman, Raoul P. P. P. and Maas, Han L. J. van der and Wagenmakers, Eric-Jan},
	year         = 2009,
	journal      = {Journal of Statistical Software},
	volume       = 32,
	number       = 8,
	doi          = {10.18637/jss.v032.i08}
}
@article{Green2014,
	title        = {{Ecosystem services provided by waterbirds}},
	author       = {Green, Andy J. and Elmberg, Johan},
	year         = 2014,
	journal      = {Biological Reviews},
	volume       = 89,
	number       = 1,
	pages        = {105--122},
	doi          = {10.1111/brv.12045}
}
@article{Green2017a,
	title        = {{Creating a safe operating space for wetlands in a changing climate}},
	author       = {Green, Andy J. and Alcorlo, Paloma and Peeters, Edwin T.H.M. and Morris, Edward P. and Espinar, José L. and Bravo-Utrera, Miguel Angel and Bustamante, Javier and D{í}az-Delgado, Ricardo and Koelmans, Albert A. and Mateo, Rafael and Mooij, Wolf M. and Rodr{í}guez-Rodr{í}guez, Miguel and van Nes, Egbert H. and Scheffer, Marten},
	year         = 2017,
	journal      = {Frontiers in Ecology and the Environment},
	volume       = 15,
	number       = 2,
	pages        = {99--107},
	doi          = {10.1002/fee.1459}
}
@inbook{Green2018,
	title        = {Doñana Wetlands (Spain)},
	author       = {Green, Andy J. and Bustamante, Javier and Janss, Guyonne F. E. and Fernández-Zamudio, Rocio and Díaz-Paniagua, Carmen},
	year         = 2018,
	booktitle    = {The Wetland Book: II: Distribution, Description, and Conservation},
	location     = {Dordrecht},
	publisher    = {Springer Netherlands},
	pages        = {1123--1136},
	editor       = {Finlayson, C. Max and Milton, G. Randy and Prentice, R. Crawford and Davidson, Nick C.}
}
@article{Green2022,
	title        = {{Continental flood basalts drive Phanerozoic extinctions}},
	author       = {Green, Theodore and Renne, Paul R. and Keller, C. Brenhin},
	year         = 2022,
	journal      = {Proceedings of the National Academy of Sciences},
	volume       = 119,
	number       = 38,
	pages        = {1--9},
	doi          = {10.1073/pnas.2120441119}
}
@article{Gsell2016a,
	title        = {{Evaluating early-warning indicators of critical transitions in natural aquatic ecosystems}},
	author       = {Gsell, Alena Sonia and Scharfenberger, Ulrike and {Ö}zkundakci, Deniz and Walters, Annika and Hansson, Lars-Anders and Janssen, Annette B. G. and Nõges, Peeter and Reid, Philip C. and Schindler, Daniel E. and Van Donk, Ellen and Dakos, Vasilis and Adrian, Rita},
	year         = 2016,
	journal      = {Proceedings of the National Academy of Sciences},
	volume       = 113,
	number       = 50,
	pages        = 201608242,
	doi          = {10.1073/pnas.1608242113}
}
@article{Gu2003,
	title        = {{Response of a deciduous forest to the Mount Pinatubo eruption: Enhanced photosynthesis}},
	author       = {Gu, Lianhong and Baldocchi, Dennis D. and Wofsy, Steve C. and William Munger, J. and Michalsky, Joseph J. and Urbanski, Shawn P. and Boden, Thomas A.},
	year         = 2003,
	journal      = {Science},
	volume       = 299,
	number       = 5615,
	pages        = {2035--2038},
	doi          = {10.1126/science.1078366}
}
@article{Guillemain2005,
	title        = {{European flyway permeability and abmigration in Teal Anas crecca, an analysis based on ringing recoveries}},
	author       = {Guillemain, M and Sadoul, N and Simon, G},
	year         = 2005,
	journal      = {Ibis},
	volume       = 147,
	number       = 4,
	pages        = {688--696},
	doi          = {10.1111/j.1474-919X.2005.00446.x}
}
@article{Hansen1992,
	title        = {{Potential climate impact of Mount Pinatubo eruption}},
	author       = {Hansen, James and Lacis, Andrew and Ruedy, Reto and Sato, Makiko},
	year         = 1992,
	journal      = {Geophysical Research Letters},
	volume       = 19,
	number       = 2,
	pages        = {215--218},
	doi          = {10.1029/91GL02788}
}
@article{Hastings2004,
	title        = {{Transients: the key to long-term ecological understanding?}},
	author       = {Hastings, Alan},
	year         = 2004,
	journal      = {Trends in Ecology {\&} Evolution},
	volume       = 19,
	number       = 1,
	pages        = {39--45},
	doi          = {10.1016/j.tree.2003.09.007}
}
@article{Hastings2018,
	title        = {{Transient phenomena in ecology}},
	author       = {Hastings, Alan and Abbott, Karen C and Cuddington, Kim and Francis, Tessa and Gellner, Gabriel and Lai, Ying-Cheng and Morozov, Andrew and Petrovskii, Sergei and Scranton, Katherine and Zeeman, Mary Lou},
	year         = 2018,
	journal      = {Science},
	volume       = 361,
	number       = 6406,
	pages        = {eaat6412},
	doi          = {10.1126/science.aat6412}
}
@article{Hastings2021,
	title        = {{Effects of stochasticity on the length and behaviour of ecological transients}},
	author       = {Hastings, Alan and Abbott, Karen C. and Cuddington, Kim and Francis, Tessa B. and Lai, Ying-Cheng and Morozov, Andrew and Petrovskii, Sergei and Zeeman, Mary Lou},
	year         = 2021,
	journal      = {Journal of The Royal Society Interface},
	volume       = 18,
	number       = 180,
	pages        = 20210257,
	doi          = {10.1098/rsif.2021.0257}
}
@article{Hess2001,
	title        = {{Monitoring the recolonization of the Mt Pinatubo 1991 ash layer by benthic foraminifera}},
	author       = {Hess, Silvia and Kuhnt, Wolfgang and Hill, Simon and Kaminski, Michael A. and Holbourn, Ann and De Leon, Marietta},
	year         = 2001,
	journal      = {Marine Micropaleontology},
	volume       = 43,
	number       = {1-2},
	pages        = {119--142},
	doi          = {10.1016/S0377-8398(01)00025-1}
}
@article{Hillebrand2020a,
	title        = {{Thresholds for ecological responses to global change do not emerge from empirical data}},
	author       = {Hillebrand, Helmut and Donohue, Ian and Harpole, W. Stanley and Hodapp, Dorothee and Kucera, Michal and Lewandowska, Aleksandra M. and Merder, Julian and Montoya, Jose M. and Freund, Jan A.},
	year         = 2020,
	journal      = {Nature Ecology {\&} Evolution},
	publisher    = {Springer US},
	volume       = 4,
	number       = 11,
	pages        = {1502--1509},
	doi          = {10.1038/s41559-020-1256-9}
}
@article{Holling1973,
	title        = {{Resilience and Stability of Ecological Systems}},
	author       = {Holling, C. S.},
	year         = 1973,
	journal      = {Annual Review of Ecology and Systematics},
	volume       = 4,
	pages        = {1--23},
	doi          = {10.1146/annurev.es.04.110173.000245}
}
@article{Ishwaran2005,
	title        = {{Spike and slab variable selection: Frequentist and Bayesian strategies}},
	author       = {Ishwaran, Hemant and Rao, J. Sunil},
	year         = 2005,
	journal      = {The Annals of Statistics},
	volume       = 33,
	number       = 2,
	pages        = {730--773},
	doi          = {10.1214/009053604000001147}
}
@article{Jenouvrier2005,
	title        = {{Evidence of a shift in the cyclicity of Antarctic seabird dynamics linked to climate}},
	author       = {Jenouvrier, Stéphanie and Weimerskirch, Henri and Barbraud, Christophe and Park, Young Hyang and Cazelles, Bernard},
	year         = 2005,
	journal      = {Proceedings of the Royal Society B: Biological Sciences},
	volume       = 272,
	number       = 1566,
	pages        = {887--895},
	doi          = {10.1098/rspb.2004.2978}
}
@article{Jiang2022,
	title        = {{Volume and rate of volcanic CO 2 emissions governed the severity of past environmental crises}},
	author       = {Jiang, Qiang and Jourdan, Fred and Olierook, Hugo K. H. and Merle, Renaud E. and Bourdet, Julien and Fougerouse, Denis and Godel, Belinda and Walker, Alex T.},
	year         = 2022,
	journal      = {Proceedings of the National Academy of Sciences},
	volume       = 119,
	number       = 31,
	pages        = {1--10},
	doi          = {10.1073/pnas.2202039119}
}
@article{Khodri2017,
	title        = {{Tropical explosive volcanic eruptions can trigger El Ni{ñ}o by cooling tropical Africa}},
	author       = {Khodri, Myriam and Izumo, Takeshi and Vialard, Jérôme and Janicot, Serge and Cassou, Christophe and Lengaigne, Matthieu and Mignot, Juliette and Gastineau, Guillaume and Guilyardi, Eric and Lebas, Nicolas and Robock, Alan and McPhaden, Michael J.},
	year         = 2017,
	journal      = {Nature Communications},
	publisher    = {Springer US},
	volume       = 8,
	number       = 1,
	pages        = 778,
	doi          = {10.1038/s41467-017-00755-6}
}
@article{Kleijn2014,
	title        = {{Waterbirds increase more rapidly in Ramsar‐designated wetlands than in unprotected wetlands}},
	author       = {Kleijn, David and Cherkaoui, Imad and Goedhart, Paul W. and van der Hout, Jasper and Lammertsma, Dennis},
	year         = 2014,
	journal      = {Journal of Applied Ecology},
	volume       = 51,
	number       = 2,
	pages        = {289--298},
	doi          = {10.1111/1365-2664.12193},
	editor       = {Fuller, Richard}
}
@article{Knowlton2004,
	title        = {{Multiple "stable" states and the conservation of marine ecosystems}},
	author       = {Knowlton, Nancy},
	year         = 2004,
	journal      = {Progress in Oceanography},
	volume       = 60,
	number       = {2-4},
	pages        = {387--396},
	doi          = {10.1016/j.pocean.2004.02.011}
}
@article{Knudsen2014,
	title        = {{Evidence for external forcing of the Atlantic Multidecadal Oscillation since termination of the Little Ice Age}},
	author       = {Knudsen, Mads Faurschou and Jacobsen, Bo Holm and Seidenkrantz, Marit-Solveig and Olsen, Jesper},
	year         = 2014,
	journal      = {Nature Communications},
	publisher    = {Nature Publishing Group},
	volume       = 5,
	number       = 1,
	pages        = 3323,
	doi          = {10.1038/ncomms4323}
}
@article{Krakauer2003,
	title        = {{Do volcanic eruptions enhance or diminish net primary production? Evidence from tree rings}},
	author       = {Krakauer, Nir Y. and Randerson, James T.},
	year         = 2003,
	journal      = {Global Biogeochemical Cycles},
	volume       = 17,
	number       = 4,
	pages        = {n/a--n/a},
	doi          = {10.1029/2003GB002076}
}
@article{Kuhnt2005,
	title        = {{The impact of the 1991 Mt. Pinatubo eruption on deep-sea foraminiferal communities: A model for the Cretaceous-Tertiary (K/T) boundary?}},
	author       = {Kuhnt, Wolfgang and Hess, Silvia and Holbourn, Ann and Paulsen, Harald and Salomon, Brigitte},
	year         = 2005,
	journal      = {Palaeogeography, Palaeoclimatology, Palaeoecology},
	volume       = 224,
	number       = {1-3},
	pages        = {83--107},
	doi          = {10.1016/j.palaeo.2005.03.042}
}
@article{Kuiper2015,
	title        = {{Food-web stability signals critical transitions in temperate shallow lakes}},
	author       = {Kuiper, Jan J. and van Altena, Cassandra and de Ruiter, Peter C. and van Gerven, Luuk P. A. and Janse, Jan H. and Mooij, Wolf M.},
	year         = 2015,
	journal      = {Nature Communications},
	publisher    = {Nature Publishing Group},
	volume       = 6,
	number       = 1,
	pages        = 7727,
	doi          = {10.1038/ncomms8727}
}
@article{Labitzke1992,
	title        = {{Stratospheric temperature increases due to Pinatubo aerosols}},
	author       = {Labitzke, K. and McCormick, M. P.},
	year         = 1992,
	journal      = {Geophysical Research Letters},
	volume       = 19,
	number       = 2,
	pages        = {207--210},
	doi          = {10.1029/91GL02940}
}
@article{Loehle1989,
	title        = {{Catastrophe theory in ecology: a critical review and an example of the butterfly catastrophe}},
	author       = {Loehle, Craig},
	year         = 1989,
	journal      = {Ecological Modelling},
	volume       = 49,
	number       = {1-2},
	pages        = {125--152},
	doi          = {10.1016/0304-3800(89)90047-1}
}
@book{Logofet1993,
	title        = {{Matrices and Graphs: stability problems in matematical ecology}},
	author       = {Logofet, Dmitrii O.},
	year         = 1993,
	location     = {Boca Raton, FL},
	publisher    = {CRC Press},
	pages        = 308
}
@article{Lucht2002a,
	title        = {{Climatic control of the high-latitude vegetation greening trend and Pinatubo effect}},
	author       = {Lucht, Wolfgang and Prentice, I. Colin and Myneni, Ranga B. and Sitch, Stephen and Friedlingstein, Pierre and Cramer, Wolfgang and Bousquet, Philippe and Buermann, Wolfgang and Smith, Benjamin},
	year         = 2002,
	journal      = {Science},
	volume       = 296,
	number       = 5573,
	pages        = {1687--1689},
	doi          = {10.1126/science.1071828}
}
@book{Madsen1999,
	title        = {{Goose Populations of the Western Palearctic: A Review of Status and Distribution}},
	author       = {Madsen, Jesper and Cracknell, Gill and Fox, Tony},
	year         = 1999,
	location     = {Wageningen},
	publisher    = {Wetlands International {\&} NERI}
}
@article{Makowski2019,
	title        = {{bayestestR: Describing Effects and their Uncertainty, Existence and Significance within the Bayesian Framework}},
	author       = {Makowski, Dominique and Ben-Shachar, Mattan and L{ü}decke, Daniel},
	year         = 2019,
	journal      = {Journal of Open Source Software},
	volume       = 4,
	number       = 40,
	pages        = 1541,
	doi          = {10.21105/joss.01541}
}
@book{Marin2006,
	title        = {{Do{ñ}ana, Water and Biosphere}},
	author       = {Mar{í}n, C. and Garc{í}a, F.},
	year         = 2006,
	location     = {Madrid},
	publisher    = {Confederaci{ó}n Hidrogr{á}fica del Guadalquivir, Ministerio de Medio Ambiente, UNESCO-MaB {\&} Junta de Andaluc{í}a}
}
@article{May1976a,
	title        = {{Thresholds and breakpoints in ecosystems with a multiplicity of stable states}},
	author       = {May, Robert M.},
	year         = 1977,
	journal      = {Nature},
	volume       = 269,
	number       = 5628,
	pages        = {471--477},
	doi          = {10.1038/269471a0}
}
@article{McCann1998,
	title        = {{Weak trophic interactions and the balance of nature}},
	author       = {McCann, Kevin and Hastings, Alan and Huxel, Gary R},
	year         = 1998,
	journal      = {Nature},
	volume       = 395,
	number       = 6704,
	pages        = {794--798},
	doi          = {10.1038/27427}
}
@article{McCormick1995,
	title        = {{Atmospheric effects of the Mt Pinatubo eruption}},
	author       = {McCormick, M. Patrick and Thomason, Larry W. and Trepte, Charles R.},
	year         = 1995,
	journal      = {Nature},
	volume       = 373,
	number       = 6513,
	pages        = {399--404},
	doi          = {10.1038/373399a0}
}
@article{Millan2022,
	title        = {{The Hunga Tonga‐Hunga Ha'apai Hydration of the Stratosphere}},
	author       = {Mill{á}n, L. and Santee, M. L. and Lambert, A. and Livesey, N. J. and Werner, F. and Schwartz, M. J. and Pumphrey, H. C. and Manney, G. L. and Wang, Y. and Su, H. and Wu, L. and Read, W. G. and Froidevaux, L.},
	year         = 2022,
	journal      = {Geophysical Research Letters},
	volume       = 49,
	number       = 13,
	pages        = {1--10},
	doi          = {10.1029/2022GL099381}
}
@article{Mitchell2008,
	title        = {{Measures of annual breeding success amongst Eurasian Wigeon Anas penelope}},
	author       = {Mitchell, Carl and Fox, Anthony D. and Harradine, John and Clausager, Ib},
	year         = 2008,
	journal      = {Bird Study},
	volume       = 55,
	number       = 1,
	pages        = {43--51},
	doi          = {10.1080/00063650809461503}
}
@article{Montoya2017,
	title        = {{Planetary Boundaries for Biodiversity: Implausible Science, Pernicious Policies}},
	author       = {Montoya, José M. and Donohue, Ian and Pimm, Stuart L.},
	year         = 2018,
	journal      = {Trends in Ecology {\&} Evolution},
	publisher    = {Elsevier Ltd},
	volume       = 33,
	number       = 2,
	pages        = {71--73},
	doi          = {10.1016/j.tree.2017.10.004}
}
@article{Mutshinda2009,
	title        = {{What drives community dynamics?}},
	author       = {Mutshinda, Crispin M. and O'Hara, Robert B and Woiwod, Ian P},
	year         = 2009,
	journal      = {Proceedings of the Royal Society B: Biological Sciences},
	volume       = 276,
	number       = 1669,
	pages        = {2923--2929},
	doi          = {10.1098/rspb.2009.0523},
}
@article{Mutshinda2011,
	title        = {{A multispecies perspective on ecological impacts of climatic forcing}},
	author       = {Mutshinda, Crispin M. and O’Hara, Robert B. and Woiwod, Ian P.},
	year         = 2011,
	journal      = {Journal of Animal Ecology},
	volume       = 80,
	number       = 1,
	pages        = {101--107},
	doi          = {10.1111/j.1365-2656.2010.01743.x},
}
@article{Nash2017,
	title        = {{Planetary boundaries for a blue planet}},
	author       = {Nash, Kirsty L. and Cvitanovic, Christopher and Fulton, Elizabeth A. and Halpern, Benjamin S. and Milner-Gulland, E. J. and Watson, Reg A. and Blanchard, Julia L.},
	year         = 2017,
	journal      = {Nature Ecology {\&} Evolution},
	publisher    = {Springer US},
	volume       = 1,
	number       = 11,
	pages        = {1625--1634},
	doi          = {10.1038/s41559-017-0319-z}
}
@article{NAVEDO2012,
	title        = {{International importance of Extremadura, Spain, for overwintering migratory dabbling ducks: a role for reservoirs}},
	author       = {NAVEDO, JUAN G. and MASERO, JOSÉ A. and SÁNCHEZ-GUZMÁN, JUAN M. and ABAD-GÓMEZ, JOSÉ M. and GUTIÉRREZ, JORGE S. and SANSÓN, ESTHER G. and VILLEGAS, AUXILIADORA and COSTILLO, EMILIO and CORBACHO, CASIMIRO and MORÁN, RICARDO},
	year         = 2012,
	journal      = {Bird Conservation International},
	volume       = 22,
	number       = 3,
	pages        = {316--327},
	doi          = {10.1017/S0959270911000311}
}
@article{Neutel2008,
	title        = {{Stability in Real Food Webs : Weak Links in Long Loops}},
	author       = {Neutel, Anje-margriet and Heesterbeek, Johan A P and Ruiter, Peter C De},
	year         = 2008,
	journal      = {Science},
	volume       = 296,
	number       = 5570,
	pages        = {1120--1123},
	doi          = {10.1126/science.1068326}
}
@article{Oppenheimer2003,
	title        = {{Climatic, environmental and human consequences of the largest known historic eruption: Tambora volcano (Indonesia) 1815}},
	author       = {Oppenheimer, Clive},
	year         = 2003,
	journal      = {Progress in Physical Geography: Earth and Environment},
	volume       = 27,
	number       = 2,
	pages        = {230--259},
	doi          = {10.1191/0309133303pp379ra}
}
@book{Oro2020a,
	title        = {{Perturbation, Behavioural Feedbacks, and Population Dynamics in Social Animals}},
	author       = {Oro, Daniel},
	year         = 2020,
	publisher    = {Oxford University Press},
	doi          = {10.1093/oso/9780198849834.001.0001}
}
@article{Oro2023,
	title        = {{Social copying drives a tipping point for nonlinear population collapse}},
	author       = {Oro, Daniel and Alsedà, Lluís and Hastings, Alan and Genovart, Meritxell and Sardanyés, Josep},
	year         = 2023,
	journal      = {Proceedings of the National Academy of Sciences},
	volume       = 120,
	number       = 11,
	pages        = 2017,
	doi          = {10.1073/pnas.2214055120}
}
@article{Osipov2021,
	title        = {{The Toba supervolcano eruption caused severe tropical stratospheric ozone depletion}},
	author       = {Osipov, Sergey and Stenchikov, Georgiy and Tsigaridis, Kostas and LeGrande, Allegra N. and Bauer, Susanne E. and Fnais, Mohammed and Lelieveld, Jos},
	year         = 2021,
	journal      = {Communications Earth {\&} Environment},
	publisher    = {Springer US},
	volume       = 2,
	number       = 1,
	pages        = 71,
	doi          = {10.1038/s43247-021-00141-7}
}
@article{Osland2020,
	title        = {{A Tropical Cyclone-Induced Ecological Regime Shift: Mangrove Forest Conversion to Mudflat in Everglades National Park (Florida, USA)}},
	author       = {Osland, Michael J. and Feher, Laura C. and Anderson, Gordon H. and Vervaeke, William C. and Krauss, Ken W. and Whelan, Kevin R.T. and Balentine, Karen M. and Tiling-Range, Ginger and Smith, Thomas J. and Cahoon, Donald R.},
	year         = 2020,
	journal      = {Wetlands},
	publisher    = {Wetlands},
	volume       = 40,
	number       = 5,
	pages        = {1445--1458},
	doi          = {10.1007/s13157-020-01291-8}
}
@article{Ottera2010,
	title        = {{External forcing as a metronome for Atlantic multidecadal variability}},
	author       = {Otter{å}, Odd Helge and Bentsen, Mats and Drange, Helge and Suo, Lingling},
	year         = 2010,
	journal      = {Nature Geoscience},
	publisher    = {Nature Publishing Group},
	volume       = 3,
	number       = 10,
	pages        = {688--694},
	doi          = {10.1038/ngeo955}
}
@article{Parejo2015,
	title        = {{Geographical origin of dabbling ducks wintering in Iberia: sex differences and implications for pair formation}},
	author       = {Parejo, Manuel and Navedo, Juan G. and Guti{é}rrez, Jorge S. and Abad‐G{ó}mez, José M. and Villegas, Auxiliadora and Corbacho, Casimiro and S{á}nchez‐Guzm{á}n, Juan M. and Masero, José A.},
	year         = 2015,
	journal      = {Ibis},
	volume       = 157,
	number       = 3,
	pages        = {536--544},
	doi          = {10.1111/ibi.12256}
}
@book{Petraitis2013,
	title        = {{Multiple Stable States in Natural Ecosystems}},
	author       = {Petraitis, Peter},
	year         = 2013,
	location     = {Oxford, UK},
	publisher    = {Oxford University Press},
	doi          = {10.1093/acprof:osobl/9780199569342.001.0001}
}
@book{Piersma2011,
	title        = {{The Flexible Phenotype: A body-centred integration of ecology, physiology, and behaviour}},
	author       = {Piersma, Theunis and van Gils, Jan A.},
	year         = 2011,
	location     = {Oxford, UK},
	publisher    = {Oxford University Press}
}
@inproceedings{Plummer2003,
	title        = {{JAGS: A program for analysis of Bayesian graphical models using Gibbs sampling}},
	author       = {Plummer, Martyn},
	year         = 2003,
	booktitle    = {Proceedings of the 3rd International Workshop on Distributed Statistical Computing, March},
	pages        = {20--30},
	doi          = {10.1.1.13.3406}
}
@book{Post2013,
	title        = {{Ecology of Climate Change: The Importance of Biotic Interactions}},
	author       = {Post, Eric},
	year         = 2013,
	location     = {Princeton, NJ.},
	publisher    = {Princeton University Press}
}
@book{Poston1979,
	title        = {{Catastrophe Theory and Its Applications}},
	author       = {Poston, Tim and Stewart, Ian},
	year         = 1979,
	location     = {London, UK.},
	publisher    = {Pitman Publishing}
}
@article{Ramo2013,
	title        = {{Long-Term Population Trends of Colonial Wading Birds Breeding in Doñana (Sw Spain) in Relation to Environmental and Anthropogenic Factors}},
	author       = {Ramo, Cristina and Aguilera, Eduardo and Figuerola, Jordi and Máñez, Manuel and Green, Andy J.},
	year         = 2013,
	journal      = {Ardeola},
	volume       = 60,
	number       = 2,
	pages        = {305--326},
	doi          = {10.13157/arla.60.2.2013.305}
}
@article{Ramo2015,
	title        = {{Latitudinal-Related Variation in Wintering Population Trends of Greylag Geese (Anser Anser) along the Atlantic Flyway: A Response to Climate Change?}},
	author       = {Ramo, Cristina and Amat, Juan A. and Nilsson, Leif and Schricke, Vincent and Rodríguez-Alonso, Mariano and Gómez-Crespo, Enrique and Jubete, Fernando and Navedo, Juan G. and Masero, José A. and Palacios, Jesús and Boos, Mathieu and Green, Andy J.},
	year         = 2015,
	journal      = {PLOS ONE},
	volume       = 10,
	number       = 10,
	pages        = {e0140181},
	doi          = {10.1371/journal.pone.0140181},
	editor       = {Ambrosini, Roberto}
}
@book{Ranta2006,
	title        = {{Ecology of Populations}},
	author       = {Ranta, Esa and Lundberg, Per and Kaitala, Veijo},
	year         = 2006,
	location     = {Cambridge, UK},
	publisher    = {Cambridge University Press}
}
@article{Rendon2008,
	title        = {{Status, distribution and long-term changes in the waterbird community wintering in Do{ñ}ana, south–west Spain}},
	author       = {Rend{ó}n, M.A. and Green, A.J. and Aguilera, E. and Almaraz, P.},
	year         = 2008,
	journal      = {Biological Conservation},
	volume       = 141,
	number       = 5,
	pages        = {1371--1388},
	doi          = {10.1016/j.biocon.2008.03.006}
}
@report{Ridgill1990,
	title        = {{Cold weather movements of waterfowl in Western Europe}},
	author       = {Ridgill, S.C. and Fox, A.D.},
	year         = 1990,
	location     = {Slimbridge, UK.},
	institution  = {IWRB Special Publ. 13},
	type         = {techreport}
}
@article{Roberts1974,
	title        = {{The stability of a feasible random ecosystem}},
	author       = {Roberts, Alan},
	year         = 1974,
	journal      = {Nature},
	volume       = 251,
	pages        = {607--608},
	doi          = {10.1016/0025-5564(75)90030-9}
}
@article{Robertson1999a,
	title        = {{Winter Philopatry in Migratory Waterfowl}},
	author       = {Robertson, Gregory J. and Cooke, Fred},
	year         = 1999,
	journal      = {The Auk},
	volume       = 116,
	number       = 1,
	pages        = {20--34},
	doi          = {10.2307/4089450}
}
@article{Robock2000,
	title        = {{Volcanic eruptions and climate}},
	author       = {Robock, Alan},
	year         = 2000,
	journal      = {Reviews of Geophysics},
	location     = {Dordrecht},
	publisher    = {Springer Netherlands},
	volume       = 38,
	number       = 2,
	pages        = {191--219},
	doi          = {10.1029/1998RG000054}
}
@article{Robock2002,
	title        = {{The Climatic Aftermath}},
	author       = {Robock, Alan},
	year         = 2002,
	journal      = {Science},
	volume       = 295,
	number       = 5558,
	pages        = {1242--1244},
	doi          = {10.1126/science.1069903}
}
@article{Rocha2015,
	title        = {{Regime shifts in the anthropocene: Drivers, risks, and resilience}},
	author       = {Rocha, Juan Carlos and Peterson, Garry D. and Biggs, Reinette},
	year         = 2015,
	journal      = {PLoS ONE},
	volume       = 10,
	number       = 8,
	pages        = {10--12},
	doi          = {10.1371/journal.pone.0134639}
}
@article{Rocha2018,
	title        = {{Cascading regime shifts within and across scales}},
	author       = {Rocha, Juan C and Peterson, Garry and Bodin, Orjan and Levin, Simon},
	year         = 2018,
	journal      = {Science},
	volume       = 362,
	number       = 6421,
	pages        = {1379--1383},
	doi          = {10.1126/science.aat7850}
}
@article{Rockstrom2009,
	title        = {{A safe operating space for humanity}},
	author       = {Rockstr{ö}m, Johan and Steffen, Will and Noone, Kevin and Persson, Asa and Chapin, F. Stuart and Lambin, Eric F. and Lenton, Timothy M. and Scheffer, Marten and Folke, Carl and Schellnhuber, Hans Joachim and Nykvist, Björn and de Wit, Cynthia A. and Hughes, Terry and van der Leeuw, Sander and Rodhe, Henning and S{ö}rlin, Sverker and Snyder, Peter K. and Costanza, Robert and Svedin, Uno and Falkenmark, Malin and Karlberg, Louise and Corell, Robert W. and Fabry, Victoria J. and Hansen, James and Walker, Brian and Liverman, Diana and Richardson, Katherine and Crutzen, Paul and Foley, Jonathan A.},
	year         = 2009,
	journal      = {Nature},
	volume       = 461,
	number       = 7263,
	pages        = {472--475},
	doi          = {10.1038/461472a}
}
@article{Rudnick2003,
	title        = {{Red noise and regime shifts}},
	author       = {Rudnick, Daniel L. and Davis, Russ E.},
	year         = 2003,
	journal      = {Deep-Sea Research Part I: Oceanographic Research Papers},
	volume       = 50,
	number       = 6,
	pages        = {691--699},
	doi          = {10.1016/S0967-0637(03)00053-0}
}
@article{Sadler1999,
	title        = {{Volcanoes as agents of past environmental change}},
	author       = {Sadler, J. P. and Grattan, J. P.},
	year         = 1999,
	journal      = {Global and Planetary Change},
	volume       = 21,
	number       = {1-3},
	pages        = {181--196},
	doi          = {10.1016/S0921-8181(99)00014-4}
}
@article{Santamaria2023,
	title        = {{How Europe's most iconic wetland could be finished off by a strawberry farming bill}},
	author       = {Santamaría, Luis and Martin-Ortega, Julia},
	year         = 2023,
	journal      = {Nature Water},
	volume       = 1,
	number       = 7,
	pages        = {564--565},
	doi          = {10.1038/s44221-023-00100-w}
}
@book{Scheffer2009a,
	title        = {{Critical Transitions in Nature and Society}},
	author       = {Scheffer, Marten},
	year         = 2009,
	location     = {Princeton, NJ.},
	publisher    = {Princeton University Press},
}
@article{Scheffer2015a,
	title        = {{Creating a safe operating space for iconic ecosystems}},
	author       = {Scheffer, Marten and Barrett, S. and Carpenter, S. R. and Folke, C and Green, A. J. and Holmgren, M. and Hughes, T. P. and Kosten, S. and van de Leemput, I. A. and Nepstad, D. C. and van Nes, E. H. and Peeters, E. T. H. M. and Walker, B.},
	year         = 2015,
	journal      = {Science},
	volume       = 347,
	number       = 6228,
	pages        = {1317--1319},
	doi          = {10.1126/science.aaa3769}
}
@article{Schoener2006,
	title        = {{Nonsynchronous recovery of community characteristics in island spiders after a catastrophic hurricane}},
	author       = {Schoener, Thomas W. and Spiller, David A.},
	year         = 2006,
	journal      = {Proceedings of the National Academy of Sciences},
	volume       = 103,
	number       = 7,
	pages        = {2220--2225},
	doi          = {10.1073/pnas.0510355103}
}
@article{Sebastian-Gonzalez2016,
	title        = {{Reduction of avian diversity in created versus natural and restored wetlands}},
	author       = {Sebastián-González, Esther and Green, Andy J.},
	year         = 2016,
	journal      = {Ecography},
	volume       = 39,
	number       = 12,
	pages        = {1176--1184},
	doi          = {10.1111/ecog.01736}
}
@article{Sguotti2019,
	title        = {{Catastrophic dynamics limit Atlantic cod recovery}},
	author       = {Sguotti, Camilla and Otto, Saskia A and Frelat, Romain and Langbehn, Tom J and Ryberg, Marie Plambech and Lindegren, Martin and Durant, Joël M. and Chr. Stenseth, Nils and M{ö}llmann, Christian},
	year         = 2019,
	journal      = {Proceedings of the Royal Society B: Biological Sciences},
	volume       = 286,
	number       = 1898,
	pages        = 20182877,
	doi          = {10.1098/rspb.2018.2877}
}
@article{Smith2016a,
	title        = {{Role of volcanic and anthropogenic aerosols in the recent global surface warming slowdown}},
	author       = {Smith, Doug M. and Booth, Ben B.B. and Dunstone, Nick J. and Eade, Rosie and Hermanson, Leon and Jones, Gareth S. and Scaife, Adam A. and Sheen, Katy L. and Thompson, Vikki},
	year         = 2016,
	journal      = {Nature Climate Change},
	volume       = 6,
	number       = 10,
	pages        = {936--940},
	doi          = {10.1038/nclimate3058}
}
@article{Soden2002,
	title        = {{Global cooling after the eruption of Mount Pinatubo: a test of climate feedback by water vapour}},
	author       = {Soden, B J and Wetherald, R T and Stenchikov, G L and Robock, A},
	year         = 2002,
	journal      = {Science},
	volume       = 296,
	number       = {26 April},
	pages        = {727--730},
	doi          = {10.1126/science.296.5568.727}
}
@article{Song2017b,
	title        = {{Will a small randomly assembled community be feasible and stable?}},
	author       = {Song, Chuliang and Saavedra, Serguei},
	year         = 2018,
	journal      = {Ecology},
	volume       = 99,
	number       = 3,
	pages        = {743--751},
	doi          = {10.1002/ecy.2125}
}
@article{Steele1996,
	title        = {{Regime shifts in fisheries management}},
	author       = {Steele, John H.},
	year         = 1996,
	journal      = {Fisheries Research},
	volume       = 25,
	number       = 95,
	pages        = {19--23},
	doi          = {10.1016/0165-7836(95)00440-8}
}
@article{Steffen2015a,
	title        = {{Planetary boundaries: Guiding human development on a changing planet}},
	author       = {Steffen, Will and Richardson, Katherine and Rockstr{ö}m, Johan and Cornell, Sarah E. and Fetzer, Ingo and Bennett, Elena M. and Biggs, Reinette and Carpenter, Stephen R. and De Vries, Wim and De Wit, Cynthia A. and Folke, Carl and Gerten, Dieter and Heinke, Jens and Mace, Georgina M. and Persson, Linn M. and Ramanathan, Veerabhadran and Reyers, Belinda and S{ö}rlin, Sverker},
	year         = 2015,
	journal      = {Science},
	volume       = 347,
	number       = 6223,
	doi          = {10.1126/science.1259855}
}
@article{Stelzer2021,
	title        = {{Early warning signals of regime shifts for aquatic systems: Can experiments help to bridge the gap between theory and real-world application?}},
	author       = {Stelzer, Julio Alberto Alegre and Mesman, Jorrit Padric and Adrian, Rita and Ibelings, Bastiaan Willem},
	year         = 2021,
	journal      = {Ecological Complexity},
	publisher    = {Elsevier B.V.},
	volume       = 47,
	pages        = 100944,
	doi          = {10.1016/j.ecocom.2021.100944}
}
@article{Suding2004a,
	title        = {{Alternative states and positive feedbacks in restoration ecology}},
	author       = {Suding, Katharine N. and Gross, Katherine L. and Houseman, Gregory R.},
	year         = 2004,
	journal      = {Trends in Ecology {\&} Evolution},
	volume       = 19,
	number       = 1,
	pages        = {46--53},
	doi          = {10.1016/j.tree.2003.10.005}
}
@book{Thom1975,
	title        = {{Structural stability and morphogenesis}},
	author       = {Thom, René},
	year         = 1975,
	location     = {Reading, USA},
	publisher    = {W. A. Benjamin, Inc.}
}
@article{Thom1977,
	title        = {{Structural Stability, Catastrophe Theory, and Applied Mathematics}},
	author       = {Thom, René},
	year         = 1977,
	journal      = {SIAM Review},
	volume       = 19,
	number       = 2,
	pages        = {189--201},
	doi          = {10.1137/1019036}
}
@article{Torrence1998,
	title        = {{A Practical Guide to Wavelet Analysis}},
	author       = {Torrence, Christopher and Compo, Gilbert P},
	year         = 1998,
	journal      = {Bulletin of the American Meteorological Society},
	volume       = 79,
	number       = 1,
	pages        = {61--78}
}
@article{Trenberth2007,
	title        = {{Effects of Mount Pinatubo volcanic eruption on the hydrological cycle as an analog of geoengineering}},
	author       = {Trenberth, Kevin E. and Dai, Aiguo},
	year         = 2007,
	journal      = {Geophysical Research Letters},
	volume       = 34,
	number       = 15,
	pages        = {1--5},
	doi          = {10.1029/2007GL030524}
}
@article{VanRees2021,
	title        = {{Dynamic space use of Andalusian rice fields by Lesser Black‐backed Gulls ( Larus fuscus ) is driven by flooding pattern}},
	author       = {van Rees, Charles B. and Aragonés, David and Bouten, Willem and Thaxter, Chris B. and Stienen, Eric W. M. and Bustamante, Javier and Green, Andy J.},
	year         = 2021,
	journal      = {Ibis},
	volume       = 163,
	number       = 4,
	pages        = {1252--1270},
	doi          = {10.1111/ibi.12968}
}
@article{Vazquez-Loureiro2019,
	title        = {{Diatom-inferred ecological responses of an oceanic lake system to volcanism and anthropogenic perturbations since 1290 CE}},
	author       = {V{á}zquez-Loureiro, David and Gon{ç}alves, Vítor and S{á}ez, Alberto and Hern{á}ndez, Armand and Raposeiro, Pedro M. and Giralt, Santiago and Rubio-Ingl{é}s, María J. and Rull, Valentí and Bao, Roberto},
	year         = 2019,
	journal      = {Palaeogeography, Palaeoclimatology, Palaeoecology},
	publisher    = {Elsevier},
	volume       = 534,
	number       = {July},
	pages        = 109285,
	doi          = {10.1016/j.palaeo.2019.109285}
}
@book{Vellend2016,
	title        = {{The Theory of Ecological Communities}},
	author       = {Vellend, Mark},
	year         = 2016,
	location     = {Princeton, NJ.},
	publisher    = {Princeton University Press}
}
@article{Walton2015,
	title        = {{A model for the future: Ecosystem services provided by the aquaculture activities of Veta la Palma, Southern Spain}},
	author       = {Walton, M.E.M. and Vilas, C. and Cañavate, J.P. and Gonzalez-Ortegon, E. and Prieto, A. and van Bergeijk, S.A. and Green, A.J. and Librero, M. and Mazuelos, N. and {Le Vay}, L.},
	year         = 2015,
	journal      = {Aquaculture},
	publisher    = {Elsevier B.V.},
	volume       = 448,
	pages        = {382--390},
	doi          = {10.1016/j.aquaculture.2015.06.017}
}
@article{Ward2022,
	title        = {{Smoothed dynamic factor analysis for identifying trends in multivariate time series}},
	author       = {Ward, Eric J. and Anderson, Sean C. and Hunsicker, Mary E. and Litzow, Michael A.},
	year         = 2022,
	journal      = {Methods in Ecology and Evolution},
	volume       = 13,
	number       = 4,
	pages        = {908--918},
	doi          = {10.1111/2041-210X.13788}
}
@article{Watts2020,
	title        = {{Ecological time lags and the journey towards conservation success}},
	author       = {Watts, Kevin and Whytock, Robin C. and Park, Kirsty J. and Fuentes-Montemayor, Elisa and Macgregor, Nicholas A. and Duffield, Simon and McGowan, Philip J. K.},
	year         = 2020,
	journal      = {Nature Ecology {\&} Evolution},
	publisher    = {Springer US},
	volume       = 4,
	number       = 3,
	pages        = {304--311},
	doi          = {10.1038/s41559-019-1087-8}
}
@article{Williams2021a,
	title        = {{A unifying framework for studying and managing climate-driven rates of ecological change}},
	author       = {Williams, John W. and Ordonez, Alejandro and Svenning, Jens Christian},
	year         = 2021,
	journal      = {Nature Ecology and Evolution},
	publisher    = {Springer US},
	volume       = 5,
	number       = 1,
	pages        = {17--26},
	doi          = {10.1038/s41559-020-01344-5}
}
@article{Wootton2016,
	author       = {Wootton, K. L. and Stouffer, D. B.},
	year         = 2016,
	journal      = {Theoretical Ecology},
	volume       = 9,
	number       = 2,
	pages        = {185--195},
	doi          = {10.1007/s12080-015-0279-3}
}
@article{Yang2019,
	title        = {{The predictability of ecological stability in a noisy world}},
	author       = {Yang, Qiang and Fowler, Mike S. and Jackson, Andrew L. and Donohue, Ian},
	year         = 2019,
	journal      = {Nature Ecology {\&} Evolution},
	publisher    = {Springer US},
	volume       = 3,
	number       = 2,
	pages        = {251--259},
	doi          = {10.1038/s41559-018-0794-x}
}
@article{Yao2018,
	title        = {{Rapid Red Sea Deep Water renewals caused by volcanic eruptions and the North Atlantic Oscillation}},
	author       = {Yao, Fengchao and Hoteit, Ibrahim},
	year         = 2018,
	journal      = {Science Advances},
	volume       = 4,
	number       = 6,
	pages        = {eaar5637},
	doi          = {10.1126/sciadv.aar5637}
}
@article{Yletyinen2016,
	title        = {{Regime shifts in marine communities: a complex systems perspective on food web dynamics}},
	author       = {Yletyinen, Johanna and Bodin, Orjan and Weigel, Benjamin and Nordstr{ö}m, Marie C. and Bonsdorff, Erik and Blenckner, Thorsten},
	year         = 2016,
	journal      = {Proceedings of the Royal Society B: Biological Sciences},
	volume       = 283,
	number       = 1825,
	pages        = 20152569,
	doi          = {10.1098/rspb.2015.2569}
}
